@article{Meng2016,
  title={Mllib: Machine learning in apache spark},
  author={Meng, Xiangrui and Bradley, Joseph and Yuvaz, B and Sparks, Evan and Venkataraman, Shivaram and Liu, Davies and Freeman, Jeremy and Tsai, D and Amde, Manish and Owen, Sean and others},
  journal={JMLR},
  volume={17},
  number={34},
  pages={1--7},
  year={2016}
}

@inproceedings{Battre2010,
  title={Nephele/PACTs: a programming model and execution framework for web-scale analytical processing},
  author={Battr{\'e}, Dominic and Ewen, Stephan and Hueske, Fabian and Kao, Odej and Markl, Volker and Warneke, Daniel},
  booktitle={Proceedings of the 1st ACM symposium on Cloud computing},
  pages={119--130},
  year={2010},
  organization={ACM}
}

@phdthesis{Halko2012,
  title={Randomized methods for computing low-rank approximations of matrices},
  author={Halko, Nathan P},
  year={2012},
  school={University of Colorado}
}

@inproceedings{Zhou2008,
  title={Large-scale parallel collaborative filtering for the netflix prize},
  author={Zhou, Yunhong and Wilkinson, Dennis and Schreiber, Robert and Pan, Rong},
  booktitle={International Conference on Algorithmic Applications in Management},
  pages={337--348},
  year={2008},
  organization={Springer}
}

@book{Dunning2014,
  title={Practical Machine Learning: Innovations in Recommendation},
  author={Dunning, Ted and Friedman, Ellen},
  year={2014},
  publisher={O'Reilly Media}
}

@inproceedings{Rennie2003,
  title={Tackling the poor assumptions of naive bayes text classifiers},
  author={Rennie, Jason D and Shih, Lawrence and Teevan, Jaime and Karger, David R and others},
  booktitle={ICML},
  volume={3},
  pages={616--623},
  year={2003},
  organization={Washington DC)}
}

@inproceedings{Zadeh2016,
  title={Matrix Computations and Optimization in Apache Spark},
  author={Bosagh Zadeh, Reza and Meng, Xiangrui and Ulanov, Alexander and Yavuz, Burak and Pu, Li and Venkataraman, Shivaram and Sparks, Evan and Staple, Aaron and Zaharia, Matei},
  booktitle={Proceedings of the 22nd ACM SIGKDD International Conference on Knowledge Discovery and Data Mining},
  pages={31--38},
  year={2016},
  organization={ACM}
}

@book{Lyubimov2016,
  author    = {Lyubimov, Dmitriy and Palumbo, Andrew}, 
  title     = {Apache Mahout: Beyond MapReduce},
  year      = {2016}
}

@inproceedings{Sparks2013,
  title={MLI: An API for distributed machine learning},
  author={Sparks, Evan R and Talwalkar, Ameet and Smith, Virginia and Kottalam, Jey and Pan, Xinghao and Gonzalez, Joseph and Franklin, Michael J and Jordan, Michael I and Kraska, Tim},
  booktitle={2013 IEEE 13th International Conference on Data Mining},
  pages={1187--1192},
  year={2013},
  organization={IEEE}
}

@article{Boehm2014,
  title={Hybrid parallelization strategies for large-scale machine learning in SystemML},
  author={Boehm, Matthias and Tatikonda, Shirish and Reinwald, Berthold and Sen, Prithviraj and Tian, Yuanyuan and Burdick, Douglas R and Vaithyanathan, Shivakumar},
  journal={Proceedings of the VLDB Endowment},
  volume={7},
  number={7},
  pages={553--564},
  year={2014},
  publisher={VLDB Endowment}
}

@inproceedings{Tillet2013,
  title={Towards performance-portable, scalable, and convenient linear algebra},
  author={Tillet, Philippe and Rupp, Karl and Selberherr, Siegfried and Lin, Chin-Teng},
  booktitle={Presented as part of the 5th USENIX Workshop on Hot Topics in Parallelism},
  year={2013}
}

@inproceedings{Ghoting2011,
  title={SystemML: Declarative machine learning on MapReduce},
  author={Ghoting, Amol and Krishnamurthy, Rajasekar and Pednault, Edwin and Reinwald, Berthold and Sindhwani, Vikas and Tatikonda, Shirish and Tian, Yuanyuan and Vaithyanathan, Shivakumar},
  booktitle={2011 IEEE 27th International Conference on Data Engineering},
  pages={231--242},
  year={2011},
  organization={IEEE}
}

@article{Alexandrov2014,
  title={The Stratosphere platform for big data analytics},
  author={Alexandrov, Alexander and Bergmann, Rico and Ewen, Stephan and Freytag, Johann-Christoph and Hueske, Fabian and Heise, Arvid and Kao, Odej and Leich, Marcus and Leser, Ulf and Markl, Volker and others},
  journal={The VLDB Journal},
  volume={23},
  number={6},
  pages={939--964},
  year={2014},
  publisher={Springer}
}

@inproceedings{Zaharia2012,
  title={Resilient distributed datasets: A fault-tolerant abstraction for in-memory cluster computing},
  author={Zaharia, Matei and Chowdhury, Mosharaf and Das, Tathagata and Dave, Ankur and Ma, Justin and McCauley, Murphy and Franklin, Michael J and Shenker, Scott and Stoica, Ion},
  booktitle={Proceedings of the 9th USENIX conference on Networked Systems Design and Implementation},
  pages={2--2},
  year={2012},
  organization={USENIX Association}
}

@inproceedings{Schelter2012,
  title={Scalable similarity-based neighborhood methods with mapreduce},
  author={Schelter, Sebastian and Boden, Christoph and Markl, Volker},
  booktitle={Proceedings of the sixth ACM conference on Recommender systems},
  pages={163--170},
  year={2012},
  organization={ACM}
}
